@inproceedings{ 2015icce_fu,
    author    = {Xinyu FU and Chengjiu YIN and Atsushi SHIMADA and Hiroaki OGATA},
    title     = {Error log analysis in {C} programming language courses},
    booktitle = {Proc. 23rd International Conference on Computers in Education, ICCE 2015},
	pages     = {641-–650},
    year      = {2015}
}

@article{ 2012ies_sakakibara,
    author    = {榊原 康友 and 松澤 芳昭 and 酒井 三四郎},
    title     = {プログラミング初学者におけるコンパイルエラー修正時間とその増減速度の分析},
	booktitle = {情報教育シンポジウム2012論文集},
    year      = {2012},
    number    = {4},
    pages     = {121-128},
    URL       = {\url{https://cir.nii.ac.jp/crid/1050574047096730112}}
}

@inproceedings { 2023jssst_tanaka,
	author    = {田中 英武 and 前田 悠翔 and 井垣 宏},
	title     = {Few-Shot Promptingを用いた言語系生成AIによる プログラミング演習問題の自動生成手法の検討},
	booktitle = {日本ソフトウェア科学会第 40 回大会 (2023 年度) 講演論文集（\normalfont{46-R-S}）},
	year      = {2023},
}

@article { 2016ipsj_makihara,
	author    = {槇原 絵里奈 and 藤原 賢二 and 井垣 宏 and 吉田 則裕 and 飯田 元},
	title     = {初学者向けプログラミング演習のための探索的プログラミング支援環境 Pockets の提案},
	journal   = {情報処理学会論文誌},
	volume    = {57},
	number    = {1},
	pages     = {236-–247},
	year      = {2016}
}

@inproceedings { 2021fose_akiyama,
	author    = {秋山 楽登 and 中村 司 and 近藤 将成 and 亀井 靖高 and 鵜林 尚靖},
	title     = {プログラミング初学者のバグ修正履歴を用いたデバッグ問題自動生成の事例研究},
	booktitle = {第28回ソフトウェア工学の基礎ワークショップ（FOSE 2021）},
	pages     = {13--22},
	year      = {2021}
}

@misc { 2018kyoiku1_mext,
	author = {文部科学省},
	title  = {高等学校学習指導要領(平成30年告示)},
	url    = {\url{https://www.mext.go.jp/content/20230120-mxt\_kyoiku02-100002604\_03.pdf}},
	year   = {2018},
	note   = {Accessed: 2024-09-16}
}

@inproceedings{2019ipsj_kanazawa,
    author    = {金澤 勇輝 and 酒井 三四郎},
    title     = {プログラミング編集過程を学習者が整理することによるコンパイルエラー修正支援},
    booktitle = {情報処理学会第81回全国大会},
    pages     = {4--547},
    year      = {2019},
    note      = {Compile error correction support by learner’s organizing of programming editing process}
}

@inproceedings{2023repit_kondo,
    author    = {Ryota Kondo and Masataka Nagura},
    title     = {A Learning Support Method for Novice Programmers based on Categorization of Compilation Error Messages},
    booktitle = {Proceedings of the 9th Symposium on Practical IT Education (rePiT2023)},
    pages     = {63--73},
    year      = {2023},
    publisher = {All-Press},
    note      = {Accessed: 2024-12-21}
}
